@article{langlais2007greedy,
  title={A greedy decoder for phrase-based statistical machine translation},
  author={Langlais, Philippe and Patry, Alexandre and Gotti, Fabrizio},
  journal={Proc. of TMI},
  year={2007},
  publisher={Citeseer}
}